@book{FreytagCarl2016WMEE,
abstract = {Dieses Buch erklart die physikalischen Grundlagen und die Technologien der Elementarteilchenforschung und beschreibt allgemeinverstandlich Teilchenbeschleuniger und -detektoren sowie ihr Zusammenspiel. An einigen Meilensteinen der Forschung - von der Erzeugung von Transuranen uber die Entdeckung exotischer Mesonen bis zum Higgs-Boson - zeigen die Autoren den Weg von der Theorie uber das Experiment zum Forschungsergebnis auf.Gravitonen, Higgs-Teilchen, Neutrinos und Quarks - das Interesse an den kleinsten uns bekannten Teilchen ist seit Jahrzehnten ungebrochen und ruckt damit auch die Laboratorien in den Blick, die an die Grenzen der Physik vorstoen: Neben dem groten Experimentierfeld, das wir haben - dem Universum selbst - sind es die gigantischen Maschinen der Elementarteilchenphysik in Groforschungseinrichtungen wie dem CERN und dem DESY. Mit ihnen versuchen Forscher weltweit unter Einsatz extrem hoher Energien Zustande zu simulieren, wie sie zum Beginn unseres Universums kurz nach dem Urknall herrschten.Anschaulich und klar geschrieben richtet sich dieses Buch an alle, die wissen wollen, wie man entdeckt, was die Welt im Innersten zusammenhalt.},
publisher = {Springer Berlin / Heidelberg},
booktitle = {Wie Man Elementarteilchen Entdeckt},
isbn = {366249955X},
year = {2016},
title = {Wie Man Elementarteilchen Entdeckt: Vom Zyklotron Zum LHC - ein Streifzug Durch Die Welt der Teilchenbeschleuniger},
copyright = {Springer-Verlag Berlin Heidelberg 2016},
language = {ger ; eng},
address = {Berlin, Heidelberg},
author = {Freytag, Carl and Osterhage, Wolfgang W},
keywords = {Beam dynamics ; Particle and Nuclear Physics ; Physics and Astronomy ; Popular Science ; Popular Science in Physics},
}
