
@book{WiedemannHelmut2015PAP,
series = {Graduate Texts in Physics},
abstract = {This book by Helmut Wiedemann is a well-established, classic text, providing an in-depth and comprehensive introduction to the field of high-energy particle acceleration and beam dynamics.
The present 4th edition has been significantly revised, updated and expanded. The newly conceived Part I is an elementary introduction to the subject matter for undergraduate students. Part II gathers the basic tools in preparation of a more advanced treatment, summarizing the essentials of electrostatics and electrodynamics as well as of particle dynamics in electromagnetic fields. Part III is an extensive primer in beam dynamics, followed, in Part IV, by an introduction and description of the main beam parameters and including a new chapter on beam emittance and lattice design. Part V is devoted to the treatment of perturbations in beam dynamics. Part VI then discusses the details of charged particle acceleration. Parts VII and VIII introduce the more advanced topics of coupled beam dynamics and describe very intense beams â€“ a number of additional beam instabilities are introduced and reviewed in this new edition. Part IX is an exhaustive treatment of radiation from accelerated charges and introduces important sources of coherent radiation such as synchrotrons and free-electron lasers. The appendices at the end of the book gather useful mathematical and physical formulae, parameters and units. Solutions to many end-of-chapter problems are given.},
publisher = {Springer Open},
isbn = {3319183176},
year = {2015},
title = {Particle Accelerator Physics},
copyright = {https://creativecommons.org/licenses/by/4.0/legalcode},
language = {eng},
address = {Cham},
author = {Wiedemann, Helmut},
keywords = {Accelerator Science and Technology ; Beam dynamics ; Beam physics ; bic Book Industry Communication ; Charged particle beams ; Charged particles dynamics ; Free electron laser ; Introduction to Particle Accelerators ; P Mathematics & science ; Particle acceleration ; PH Physics ; Physics ; Physics of Particle Accelerators ; Science ; Synchrotron radiation ; US Accelerator Physics School},
}
@book{HinterbergerFrankPdTu,
publisher = {Springer Berlin Heidelberg},
isbn = {9783540752813},
title = {Physik der Teilchenbeschleuniger und Ionenoptik},
edition = {2},
copyright = {Springer-Verlag 2008},
language = {ger},
address = {Berlin, Heidelberg},
author = {Hinterberger, Frank},
keywords = {Elementary Particles Quantum Field Theory ; Measurement Science and Instrumentation ; Nuclear Physics Heavy Ions Hadrons ; Physics ; Physics and Astronomy},
}
@book{KolanoskiHermannTGuA,
publisher = {Springer Berlin Heidelberg},
booktitle = {Teilchendetektoren},
isbn = {9783662453490},
title = {Teilchendetektoren: Grundlagen und Anwendungen},
copyright = {Springer-Verlag Berlin Heidelberg 2016},
language = {ger},
address = {Berlin, Heidelberg},
author = {Kolanoski, Hermann and Wermes, Norbert},
keywords = {Measurement Science and Instrumentation ; Particle Acceleration and Detection Beam Physics ; Physics ; Physics and Astronomy},
}

@book{FreytagCarl2016WMEE,
abstract = {Dieses Buch erklart die physikalischen Grundlagen und die Technologien der Elementarteilchenforschung und beschreibt allgemeinverstandlich Teilchenbeschleuniger und -detektoren sowie ihr Zusammenspiel. An einigen Meilensteinen der Forschung - von der Erzeugung von Transuranen uber die Entdeckung exotischer Mesonen bis zum Higgs-Boson - zeigen die Autoren den Weg von der Theorie uber das Experiment zum Forschungsergebnis auf.Gravitonen, Higgs-Teilchen, Neutrinos und Quarks - das Interesse an den kleinsten uns bekannten Teilchen ist seit Jahrzehnten ungebrochen und ruckt damit auch die Laboratorien in den Blick, die an die Grenzen der Physik vorstoen: Neben dem groten Experimentierfeld, das wir haben - dem Universum selbst - sind es die gigantischen Maschinen der Elementarteilchenphysik in Groforschungseinrichtungen wie dem CERN und dem DESY. Mit ihnen versuchen Forscher weltweit unter Einsatz extrem hoher Energien Zustande zu simulieren, wie sie zum Beginn unseres Universums kurz nach dem Urknall herrschten.Anschaulich und klar geschrieben richtet sich dieses Buch an alle, die wissen wollen, wie man entdeckt, was die Welt im Innersten zusammenhalt.},
publisher = {Springer Berlin / Heidelberg},
booktitle = {Wie Man Elementarteilchen Entdeckt},
isbn = {366249955X},
year = {2016},
title = {Wie Man Elementarteilchen Entdeckt: Vom Zyklotron Zum LHC - ein Streifzug Durch Die Welt der Teilchenbeschleuniger},
copyright = {Springer-Verlag Berlin Heidelberg 2016},
language = {ger ; eng},
address = {Berlin, Heidelberg},
author = {Freytag, Carl and Osterhage, Wolfgang W},
keywords = {Beam dynamics ; Particle and Nuclear Physics ; Physics and Astronomy ; Popular Science ; Popular Science in Physics},
}
<<<<<<< HEAD
=======
@book{hoskin2019external,
  title={External Beam Therapy},
  author={Hoskin, Peter},
  year={2019},
  publisher={Oxford University Press},
  isbn = {9780198786757},
  copyright = {Oxford University Press}
}
>>>>>>> 1addcf639667c5a36c6d567edd13cb8539cabff7
